<record><leader>00000cas a22000007a 4500</leader><controlfield tag="001">34773666</controlfield><controlfield tag="008">960522d198519uucauwr ne      0    0eng d</controlfield><datafield ind1=" " ind2=" " tag="010"><subfield code="a">sn 96062733 </subfield></datafield><datafield ind1=" " ind2=" " tag="040"><subfield code="a">CNK</subfield><subfield code="b">eng</subfield><subfield code="c">CNK</subfield><subfield code="d">OCLCQ</subfield><subfield code="d">OCLCO</subfield></datafield><datafield ind1="1" ind2=" " tag="029"><subfield code="a">AU@</subfield><subfield code="b">000012500790</subfield></datafield><datafield ind1=" " ind2=" " tag="042"><subfield code="a">msc</subfield></datafield><datafield ind1=" " ind2=" " tag="043"><subfield code="a">n-us-ca</subfield></datafield><datafield ind1="0" ind2="0" tag="245"><subfield code="a">Lakewood-North Long Beach herald American.</subfield></datafield><datafield ind1="3" ind2=" " tag="246"><subfield code="a">Herald American</subfield></datafield><datafield ind1=" " ind2=" " tag="260"><subfield code="a">[South Gate, Calif. :</subfield><subfield code="b">s.n.]</subfield></datafield><datafield ind1=" " ind2=" " tag="300"><subfield code="a">v.</subfield></datafield><datafield ind1=" " ind2=" " tag="310"><subfield code="a">Weekly</subfield></datafield><datafield ind1="0" ind2=" " tag="362"><subfield code="a">Apr. 4, 1985-</subfield></datafield><datafield ind1=" " ind2=" " tag="500"><subfield code="a">"Lakewood-North Long Beach" appears in small print above "Herald American," Apr. 4-&lt;July 24, 1985&gt;</subfield></datafield><datafield ind1=" " ind2=" " tag="580"><subfield code="a">Published in several local editions.</subfield></datafield><datafield ind1=" " ind2="0" tag="651"><subfield code="a">Lakewood (Calif.)</subfield><subfield code="v">Newspapers.</subfield></datafield><datafield ind1=" " ind2="0" tag="651"><subfield code="a">North Long Beach (Long Beach, Calif.)</subfield><subfield code="v">Newspapers.</subfield></datafield><datafield ind1=" " ind2=" " tag="752"><subfield code="a">United States</subfield><subfield code="b">California</subfield><subfield code="c">Los Angeles</subfield><subfield code="d">South Gate.</subfield></datafield><datafield ind1="0" ind2="4" tag="780"><subfield code="t">Lakewood herald American</subfield><subfield code="w">(DLC)sn 96062729</subfield></datafield><datafield ind1="0" ind2="4" tag="780"><subfield code="t">North Long Beach herald American</subfield><subfield code="w">(DLC)sn 96062732</subfield></datafield></record>